<record><leader>00000cas a22000007a 4500</leader><controlfield tag="001">13032735</controlfield><controlfield tag="008">860117d18591860wvuwr ne      0    0eng d</controlfield><datafield ind1=" " ind2=" " tag="010"><subfield code="a">sn 86092034 </subfield></datafield><datafield ind1=" " ind2=" " tag="040"><subfield code="a">WVC</subfield><subfield code="b">eng</subfield><subfield code="c">WVC</subfield><subfield code="d">DLC</subfield><subfield code="d">OCL</subfield><subfield code="d">OCLCQ</subfield></datafield><datafield ind1=" " ind2=" " tag="042"><subfield code="a">msc</subfield></datafield><datafield ind1="0" ind2="0" tag="245"><subfield code="a">Methodist Protestant sentinel.</subfield></datafield><datafield ind1=" " ind2=" " tag="260"><subfield code="a">Fairmont, Va. [W. Va.] :</subfield><subfield code="b">Samuel Young</subfield></datafield><datafield ind1=" " ind2=" " tag="300"><subfield code="a">v.</subfield></datafield><datafield ind1=" " ind2=" " tag="310"><subfield code="a">Weekly</subfield></datafield><datafield ind1="1" ind2=" " tag="362"><subfield code="a">Began Apr. 27, 1859; ceased in 1860.</subfield><subfield code="z">Cf. Norona and Shetler. W. Va. Imprints.</subfield></datafield><datafield ind1=" " ind2=" " tag="500"><subfield code="a">"A religious family newspaper - Devoted to the interest of the Western Virginia Conference of the Methodist Protestant Church."</subfield></datafield><datafield ind1=" " ind2=" " tag="500"><subfield code="a">Founded by Dr. D.B. Dorsey. Cf. Dunnington, George A. Hist. &amp; Progress of Co. of Marion W. Va. ...</subfield></datafield><datafield ind1=" " ind2=" " tag="588"><subfield code="a">Description based on: Dec. 17, 1859.</subfield></datafield><datafield ind1=" " ind2=" " tag="752"><subfield code="a">United States</subfield><subfield code="b">West Virginia</subfield><subfield code="c">Marion</subfield><subfield code="d">Fairmont.</subfield></datafield></record>